@Article{wheatleyMakingSpaceArchaeology2004,
  title = {Making Space for an Archaeology of Place},
  author = {David Wheatley},
  date = {2004},
  journaltitle = {Internet Archaeology},
  shortjournal = {IA},
  number = {15},
  issn = {13635387},
  doi = {10.11141/ia.15.10},
  url = {http://intarch.ac.uk/journal/issue15/wheatley_index.html},
  urldate = {2021-07-22},
  file = {C\:\\Users\\kelto\\Zotero\\storage\\XSFH42P8\\University of Southampton und Wheatley - 2004 - Making space for an archaeology of place.pdf},
}
@Article{wheatleyMakingSpaceArchaeology2004,
  title = {Making Space for an Archaeology of Place},
  author = {David Wheatley},
  date = {2004},
  journaltitle = {Internet Archaeology},
  shortjournal = {IA},
  number = {15},
  issn = {13635387},
  doi = {10.11141/ia.15.10},
  url = {http://intarch.ac.uk/journal/issue15/wheatley_index.html},
  urldate = {2021-07-22},
  file = {C\:\\Users\\kelto\\Zotero\\storage\\XSFH42P8\\University of Southampton und Wheatley - 2004 - Making space for an archaeology of place.pdf},
}
@Book{parcakSatelliteRemoteSensing2019,
  title = {Satellite {{Remote Sensing}} for {{Archaeology}}},
  author = {Sarah Parcak},
  date = {2019},
  url = {https://www.routledge.com/Satellite-Remote-Sensing-for-Archaeology/Parcak/p/book/9780415448789},
  urldate = {2021-09-29},
  abstract = {This handbook is the first comprehensive overview of the field of satellite remote sensing for archaeology and how it can be applied to ongoing archaeological fieldwork projects across the globe. It provides a survey of the history and development of the field, connecting satellite remote sensing in archaeology to broader developments in remote sensing, archaeological method and theory, cultural resource management, and environmental studies. With a focus on practical uses of satellite remote se},
  langid = {english},
  file = {C\:\\Users\\kelto\\Zotero\\storage\\I7UPXXS9\\9780415448789.html},
}
@Article{casanaRegionalScaleArchaeologicalRemote2014,
  title = {Regional-{{Scale Archaeological Remote Sensing}} in the {{Age}} of {{Big Data}}: {{Automated Site Discovery}} vs. {{Brute Force Methods}}},
  shorttitle = {Regional-{{Scale Archaeological Remote Sensing}} in the {{Age}} of {{Big Data}}},
  author = {Jesse Casana},
  date = {2014-08},
  journaltitle = {Advances in Archaeological Practice},
  volume = {2},
  number = {3},
  pages = {222--233},
  publisher = {{Cambridge University Press}},
  issn = {2326-3768},
  doi = {10.7183/2326-3768.2.3.222},
  url = {https://www.cambridge.org/core/journals/advances-in-archaeological-practice/article/regionalscale-archaeological-remote-sensing-in-the-age-of-big-data/53CC9DA6CAF6E1C8061BFC90DF27030D},
  urldate = {2021-01-04},
  abstract = {With the ever expanding quantity of high-resolution aerial and satellite imagery available to archaeologists, numerous researchers have sought to address this â€œbig dataâ€ challenge by developing automated methods to aid in the discovery and mapping of archaeological sites and features. This paper reviews several notable efforts to create automated discovery tools, including both spectral and object-based approaches, and highlights the difficulties these projects have encountered. Arguing instead for the critically important role of a human analyst in archaeological discovery, I illustrate interim results of an ongoing project that utilizes CORONA satellite imagery to document previously unknown sites in a 300,000 km2 study area in the northern Fertile Crescent. The project is based on what I term â€œbrute forceâ€ methods, relying on systematic exploration of imagery by trained analysts, and has now successfully created a database of more than 14,000 sites, some 10,000 of which are previously undocumented. Results of the project highlight the need for human intervention to make any archaeological discovery meaningful, suggesting that imagery analysis, like any act of archaeological investigation, requires an engaged, thoughtful and creative scholar.          ,              Desde la Ãºltima dÃ©cada, la cantidad de imÃ¡genes aÃ©reas y satelitales de alta resoluciÃ³n disponible a los arqueÃ³logos ha crecido exponencialmente, y estos recursos ofrecen posibilidades enormes para el descubrimiento de elementos y sitios arqueolÃ³gicos. La gran cantidad de datos aÃ©reos y de satÃ©lite ya disponible a los arqueÃ³logos puede ser abrumador, y esto ha causado que unos de nosotros busquemos herramientas automatizadas para poder manejar nuestra propia versiÃ³n de â€œdatos grandes.â€ Yo argumento que el anÃ¡lisis de imÃ¡genes aÃ©reas y satelitales para encontrar evidencia de actividades culturales pasadas es tanto un arte hÃ¡bil como ciencia. Es un proceso que requiere un arqueÃ³logo empeÃ±ado, con un entendimiento de la historia del asentamiento local y las practicas de uso de terreno locales, y que pueda explorar imÃ¡genes creativamente para encontrar e interpretar elementos de posible importancia. Este es un trabajo que no puede ser automatizado, ni deberÃ­a de ser, como serÃ­a la construcciÃ³n de robots autÃ³nomos de excavaciÃ³n que hicieran nuestras propias excavaciones para nosotros. Ilustro este punto con un estudio de caso, utilizando imÃ¡genes satelitales CORONA en un esfuerzo para documentar sitios previamente no conocidos en un Ã¡rea de estudio de 300,000 km cuadrados en el norte de la Creciente FÃ©rtil. La base de datos resultante contiene 14,000+ sitios.},
  langid = {english},
  file = {C\:\\Users\\kelto\\Zotero\\storage\\RW7I5WMQ\\Casana - 2014 - Regional-Scale Archaeological Remote Sensing in th.pdf;C\:\\Users\\kelto\\Zotero\\storage\\59QE6KBD\\53CC9DA6CAF6E1C8061BFC90DF27030D.html},
}
